@article{lecture,
  title={Course Project: Using RL to solve Integer Programming},
  author={Shipra Agrawal and Abhi Gupta and Yunhao Tang},
}

@article{rlcut,
  title={Reinforcement Learning for Integer Programming: Learning to Cut},
  author={Yunhao Tang and Shipra Agrawal and Yuri Faenza},
  journal={International Conference on Machine Learning},
  year={2020}
}


@article{lstm,
  title={Long short-term memory},
  author={Sepp Hochreiter, Jürgen Schmidhuber},
  journal={Neural computation},
  year={1997}
}

@article{attention1,
  title={Attention is all you need},
  author={Ashish Vaswani and Noam Shazeer and Niki Parmar and Jakob Uszkoreit and Llion Jones and Aidan N Gomez and Łukasz Kaiser and Illia Polosukhin},
  journal={Advances in neural information processing systems},
  year={2017}
}

@article{attention2,
  title={Neural machine translation by jointly learning to align and translate},
  author={Dzmitry Bahdanau and Kyunghyun Cho and Yoshua Bengio},
  journal={3rd International Conference on Learning Representations, ICLR 2015 - San Diego, United States},
  year={2015}
}

@article{pg,
  title={Lecture 4 Policy gradient methods},
  author={Shipra Agrawal},
  journal={IEOR 8100 Lecture notes},
}

